<?xml version="1.0" encoding="UTF-8"?>
<collection xmlns="http://www.loc.gov/MARC21/slim">
  <record>
    <leader>02356cam a22005291  4500</leader>
    <controlfield tag="001">22</controlfield>
    <controlfield tag="005">20141021232248.0</controlfield>
    <controlfield tag="008">860224s1936    nyuae    b    001 0 eng  </controlfield>
    <datafield tag="010" ind1=" " ind2=" ">
      <subfield code="a">   36017444 </subfield>
    </datafield>
    <datafield tag="035" ind1=" " ind2=" ">
      <subfield code="a">(CStRLIN)NYCX86B22796</subfield>
    </datafield>
    <datafield tag="035" ind1=" " ind2=" ">
      <subfield code="a">(NIC)notisAAA0020</subfield>
    </datafield>
    <datafield tag="035" ind1=" " ind2=" ">
      <subfield code="a">(OCoLC)1148196</subfield>
    </datafield>
    <datafield tag="035" ind1=" " ind2=" ">
      <subfield code="a">22</subfield>
    </datafield>
    <datafield tag="040" ind1=" " ind2=" ">
      <subfield code="c">IEN</subfield>
      <subfield code="d">IEN</subfield>
      <subfield code="d">MiU</subfield>
      <subfield code="d">NIC</subfield>
    </datafield>
    <datafield tag="043" ind1=" " ind2=" ">
      <subfield code="a">n-us-ny</subfield>
      <subfield code="a">n-us-nj</subfield>
    </datafield>
    <datafield tag="050" ind1="0" ind2=" ">
      <subfield code="a">F135</subfield>
      <subfield code="b">.B25</subfield>
      <subfield code="a">NA7235.N7H62</subfield>
    </datafield>
    <datafield tag="051" ind1=" " ind2=" ">
      <subfield code="a">NA7235.N7H62</subfield>
      <subfield code="c">Copy 2</subfield>
    </datafield>
    <datafield tag="082" ind1=" " ind2=" ">
      <subfield code="a">728</subfield>
      <subfield code="a">974.9</subfield>
    </datafield>
    <datafield tag="100" ind1="1" ind2=" ">
      <subfield code="a">Bailey, Rosalie Fellows,</subfield>
      <subfield code="d">1908-</subfield>
    </datafield>
    <datafield tag="245" ind1="1" ind2="0">
      <subfield code="a">Pre-revolutionary Dutch houses and families in Northern New Jersey and Southern New York,</subfield>
      <subfield code="c">by Rosalie Fellows Bailey, A. B.; with an introd. by Franklin D. Roosevelt; photography by Margaret De M. Brown; prepared under the auspices of the Holland Society of New York.</subfield>
    </datafield>
    <datafield tag="260" ind1=" " ind2=" ">
      <subfield code="a">New York,</subfield>
      <subfield code="b">W. Morrow &amp; Company,</subfield>
      <subfield code="c">1936.</subfield>
    </datafield>
    <datafield tag="300" ind1=" " ind2=" ">
      <subfield code="a">10 p. £., 11-612 p., 1 £.</subfield>
      <subfield code="b">incl. front., illus., plan.</subfield>
      <subfield code="c">29 cm.</subfield>
    </datafield>
    <datafield tag="500" ind1=" " ind2=" ">
      <subfield code="a">"A limited edition of six hundred sixty-six copies has been printed of which this in number 329."</subfield>
    </datafield>
    <datafield tag="500" ind1=" " ind2=" ">
      <subfield code="a">"A companion volume to 'Dutch Houses in the Hudson valley before 1776' ... prepared under the auspices of this committee by Helen Wilkinson Reynolds ... and published in 1929."--A word from the book committee.</subfield>
    </datafield>
    <datafield tag="500" ind1=" " ind2=" ">
      <subfield code="a">"Genealogical index": p. [385]-612.</subfield>
    </datafield>
    <datafield tag="504" ind1=" " ind2=" ">
      <subfield code="a">Bibliography: p. 583-584.</subfield>
    </datafield>
    <datafield tag="650" ind1=" " ind2="0">
      <subfield code="a">Architecture, Colonial</subfield>
    </datafield>
    <datafield tag="650" ind1=" " ind2="0">
      <subfield code="a">Architecture</subfield>
      <subfield code="z">New Jersey.</subfield>
    </datafield>
    <datafield tag="650" ind1=" " ind2="0">
      <subfield code="a">Architecture</subfield>
      <subfield code="z">New York (State)</subfield>
    </datafield>
    <datafield tag="650" ind1=" " ind2="0">
      <subfield code="a">Dutch</subfield>
      <subfield code="z">New Jersey.</subfield>
    </datafield>
    <datafield tag="650" ind1=" " ind2="0">
      <subfield code="a">Dutch</subfield>
      <subfield code="z">New York (State)</subfield>
    </datafield>
    <datafield tag="650" ind1=" " ind2="0">
      <subfield code="a">Historic buildings</subfield>
      <subfield code="z">New Jersey</subfield>
    </datafield>
    <datafield tag="650" ind1=" " ind2="0">
      <subfield code="a">Historic buildings</subfield>
      <subfield code="z">New York (State).</subfield>
    </datafield>
    <datafield tag="651" ind1=" " ind2="0">
      <subfield code="a">New Jersey</subfield>
      <subfield code="x">Genealogy.</subfield>
    </datafield>
    <datafield tag="651" ind1=" " ind2="0">
      <subfield code="a">New York (State)</subfield>
      <subfield code="x">Genealogy.</subfield>
    </datafield>
    <datafield tag="650" ind1=" " ind2="7">
      <subfield code="a">Architecture</subfield>
      <subfield code="2">fast</subfield>
      <subfield code="0">(OCoLC)fst00813346</subfield>
    </datafield>
    <datafield tag="650" ind1=" " ind2="7">
      <subfield code="a">Architecture, Colonial</subfield>
      <subfield code="2">fast</subfield>
      <subfield code="0">(OCoLC)fst00813657</subfield>
    </datafield>
    <datafield tag="650" ind1=" " ind2="7">
      <subfield code="a">Dutch</subfield>
      <subfield code="2">fast</subfield>
      <subfield code="0">(OCoLC)fst00899678</subfield>
    </datafield>
    <datafield tag="650" ind1=" " ind2="7">
      <subfield code="a">Historic buildings</subfield>
      <subfield code="2">fast</subfield>
      <subfield code="0">(OCoLC)fst00957723</subfield>
    </datafield>
    <datafield tag="651" ind1=" " ind2="7">
      <subfield code="a">New Jersey</subfield>
      <subfield code="2">fast</subfield>
      <subfield code="0">(OCoLC)fst01208379</subfield>
    </datafield>
    <datafield tag="651" ind1=" " ind2="7">
      <subfield code="a">New York (State)</subfield>
      <subfield code="2">fast</subfield>
      <subfield code="0">(OCoLC)fst01210280</subfield>
    </datafield>
    <datafield tag="655" ind1=" " ind2="7">
      <subfield code="a">Genealogy</subfield>
      <subfield code="2">fast</subfield>
      <subfield code="0">(OCoLC)fst01423818</subfield>
    </datafield>
    <datafield tag="710" ind1="2" ind2=" ">
      <subfield code="a">Holland Society of New York.</subfield>
    </datafield>
    <datafield tag="740" ind1="0" ind2=" ">
      <subfield code="a">Dutch houses and families.</subfield>
    </datafield>
    <datafield tag="905" ind1=" " ind2=" ">
      <subfield code="a">19880603120000.0</subfield>
    </datafield>
    <datafield tag="948" ind1="2" ind2=" ">
      <subfield code="a">20141016</subfield>
      <subfield code="b">m</subfield>
      <subfield code="d">batch</subfield>
      <subfield code="e">lts</subfield>
      <subfield code="x">addfast</subfield>
    </datafield>
    <datafield tag="950" ind1=" " ind2=" ">
      <subfield code="l">FINE</subfield>
      <subfield code="a">NA7235.N7</subfield>
      <subfield code="b">B15</subfield>
      <subfield code="f">BASIC</subfield>
      <subfield code="i">02/24/86 N</subfield>
    </datafield>
  </record>