
  <record>
    <leader>01061cam a22003131  4500</leader>
    <controlfield tag="001">23</controlfield>
    <controlfield tag="005">20141021232251.0</controlfield>
    <controlfield tag="008">860116s1963    dcua     b    100 0 eng  </controlfield>
    <datafield tag="010" ind1=" " ind2=" ">
      <subfield code="a">   63065090 </subfield>
    </datafield>
    <datafield tag="035" ind1=" " ind2=" ">
      <subfield code="a">(CStRLIN)NYCX86B6700</subfield>
    </datafield>
    <datafield tag="035" ind1=" " ind2=" ">
      <subfield code="a">(NIC)notisAAA0021</subfield>
    </datafield>
    <datafield tag="035" ind1=" " ind2=" ">
      <subfield code="a">(OCoLC)2140838</subfield>
    </datafield>
    <datafield tag="035" ind1=" " ind2=" ">
      <subfield code="a">23</subfield>
    </datafield>
    <datafield tag="040" ind1=" " ind2=" ">
      <subfield code="c">NIC</subfield>
      <subfield code="d">NIC</subfield>
    </datafield>
    <datafield tag="050" ind1="0" ind2=" ">
      <subfield code="a">LB3205</subfield>
      <subfield code="b">.B76</subfield>
    </datafield>
    <datafield tag="082" ind1=" " ind2=" ">
      <subfield code="a">371.6082</subfield>
    </datafield>
    <datafield tag="110" ind1="2" ind2=" ">
      <subfield code="a">National Research Council (U.S.)</subfield>
    </datafield>
    <datafield tag="245" ind1="1" ind2="0">
      <subfield code="a">School building research;</subfield>
      <subfield code="b">report of a program held as part of the BRI 1962 fall conferences.</subfield>
    </datafield>
    <datafield tag="260" ind1=" " ind2=" ">
      <subfield code="a">[Washington,</subfield>
      <subfield code="c">1963]</subfield>
    </datafield>
    <datafield tag="300" ind1=" " ind2=" ">
      <subfield code="a">v, 200 p.</subfield>
      <subfield code="b">illus.</subfield>
      <subfield code="c">23 cm.</subfield>
    </datafield>
    <datafield tag="490" ind1="1" ind2=" ">
      <subfield code="a">Its Publication</subfield>
      <subfield code="v">no.1008</subfield>
    </datafield>
    <datafield tag="504" ind1=" " ind2=" ">
      <subfield code="a">Includes bibliographies.</subfield>
    </datafield>
    <datafield tag="650" ind1=" " ind2="0">
      <subfield code="a">School buildings</subfield>
      <subfield code="x">Congresses.</subfield>
    </datafield>
    <datafield tag="650" ind1=" " ind2="7">
      <subfield code="a">School buildings</subfield>
      <subfield code="2">fast</subfield>
      <subfield code="0">(OCoLC)fst01107046</subfield>
    </datafield>
    <datafield tag="655" ind1=" " ind2="7">
      <subfield code="a">Conference proceedings</subfield>
      <subfield code="2">fast</subfield>
      <subfield code="0">(OCoLC)fst01423772</subfield>
    </datafield>
    <datafield tag="830" ind1=" " ind2="0">
      <subfield code="a">Publication (National Research Council (U.S.))</subfield>
      <subfield code="v">no.1008</subfield>
    </datafield>
    <datafield tag="905" ind1=" " ind2=" ">
      <subfield code="a">19880603120000.0</subfield>
    </datafield>
    <datafield tag="948" ind1="2" ind2=" ">
      <subfield code="a">20141016</subfield>
      <subfield code="b">m</subfield>
      <subfield code="d">batch</subfield>
      <subfield code="e">lts</subfield>
      <subfield code="x">addfast</subfield>
    </datafield>
    <datafield tag="950" ind1=" " ind2=" ">
      <subfield code="l">FINE</subfield>
      <subfield code="a">NA6557</subfield>
      <subfield code="b">.N27</subfield>
      <subfield code="f">BASIC</subfield>
      <subfield code="i">01/22/86 N</subfield>
      <subfield code="h">01/16/86 N</subfield>
    </datafield>
  </record>