
  <record>
    <leader>01281cam a2200325 a 4500</leader>
    <controlfield tag="001">25</controlfield>
    <controlfield tag="005">20141021232253.0</controlfield>
    <controlfield tag="008">851126s1908    mau           101 0 eng d</controlfield>
    <datafield tag="010" ind1=" " ind2=" ">
      <subfield code="a">   08028855 </subfield>
    </datafield>
    <datafield tag="035" ind1=" " ind2=" ">
      <subfield code="a">(CStRLIN)NYCX85B133296</subfield>
    </datafield>
    <datafield tag="035" ind1=" " ind2=" ">
      <subfield code="a">(NIC)notisAAA0023</subfield>
    </datafield>
    <datafield tag="035" ind1=" " ind2=" ">
      <subfield code="a">(OCoLC)740408</subfield>
    </datafield>
    <datafield tag="035" ind1=" " ind2=" ">
      <subfield code="a">25</subfield>
    </datafield>
    <datafield tag="040" ind1=" " ind2=" ">
      <subfield code="a">RPB</subfield>
      <subfield code="c">RPB</subfield>
      <subfield code="d">NIC</subfield>
    </datafield>
    <datafield tag="100" ind1="1" ind2=" ">
      <subfield code="a">Hull, William Isaac,</subfield>
      <subfield code="d">1868-1939.</subfield>
    </datafield>
    <datafield tag="245" ind1="1" ind2="4">
      <subfield code="a">The two Hague conferences and their contributions to international law /</subfield>
      <subfield code="c">by William I. Hull.</subfield>
    </datafield>
    <datafield tag="260" ind1=" " ind2=" ">
      <subfield code="a">Boston :</subfield>
      <subfield code="b">Published for the International School of Peace [by] Ginn,</subfield>
      <subfield code="c">1908.</subfield>
    </datafield>
    <datafield tag="300" ind1=" " ind2=" ">
      <subfield code="a">xiv, 516 p. ;</subfield>
      <subfield code="c">20 cm.</subfield>
    </datafield>
    <datafield tag="500" ind1=" " ind2=" ">
      <subfield code="a">Includes index.</subfield>
    </datafield>
    <datafield tag="611" ind1="2" ind2="0">
      <subfield code="a">International Peace Conference.</subfield>
      <subfield code="n">(1st :</subfield>
      <subfield code="d">1899 :</subfield>
      <subfield code="c">Hague, Netherlands)</subfield>
    </datafield>
    <datafield tag="611" ind1="2" ind2="0">
      <subfield code="a">International Peace Conference.</subfield>
      <subfield code="n">(2nd :</subfield>
      <subfield code="d">1907 :</subfield>
      <subfield code="c">Hague, Netherlands)</subfield>
    </datafield>
    <datafield tag="650" ind1=" " ind2="0">
      <subfield code="a">War (International law)</subfield>
    </datafield>
    <datafield tag="650" ind1=" " ind2="0">
      <subfield code="a">Arbitration (International law)</subfield>
    </datafield>
    <datafield tag="611" ind1="2" ind2="7">
      <subfield code="a">International Peace Conference</subfield>
      <subfield code="2">fast</subfield>
      <subfield code="0">(OCoLC)fst01405159</subfield>
    </datafield>
    <datafield tag="650" ind1=" " ind2="7">
      <subfield code="a">Arbitration (International law)</subfield>
      <subfield code="2">fast</subfield>
      <subfield code="0">(OCoLC)fst01761738</subfield>
    </datafield>
    <datafield tag="650" ind1=" " ind2="7">
      <subfield code="a">War (International law)</subfield>
      <subfield code="2">fast</subfield>
      <subfield code="0">(OCoLC)fst01170412</subfield>
    </datafield>
    <datafield tag="903" ind1=" " ind2=" ">
      <subfield code="a">Kirtas</subfield>
      <subfield code="d">20071026</subfield>
      <subfield code="p">31924005213461</subfield>
    </datafield>
    <datafield tag="905" ind1=" " ind2=" ">
      <subfield code="a">19930901120000.0</subfield>
    </datafield>
    <datafield tag="948" ind1="2" ind2=" ">
      <subfield code="a">20141016</subfield>
      <subfield code="b">m</subfield>
      <subfield code="d">batch</subfield>
      <subfield code="e">lts</subfield>
      <subfield code="x">addfast</subfield>
    </datafield>
    <datafield tag="950" ind1=" " ind2=" ">
      <subfield code="l">OLIN</subfield>
      <subfield code="a">JX1916</subfield>
      <subfield code="b">.H91</subfield>
      <subfield code="f">BASIC</subfield>
      <subfield code="i">11/26/85 N</subfield>
    </datafield>
  </record>