
  <record>
    <leader>00898cam a22002771  4500</leader>
    <controlfield tag="001">27</controlfield>
    <controlfield tag="005">20141021232257.0</controlfield>
    <controlfield tag="008">851210s1953    wiua          000 0 eng  </controlfield>
    <datafield tag="010" ind1=" " ind2=" ">
      <subfield code="a">   53012819 </subfield>
    </datafield>
    <datafield tag="035" ind1=" " ind2=" ">
      <subfield code="a">(CStRLIN)NYCX85B138637</subfield>
    </datafield>
    <datafield tag="035" ind1=" " ind2=" ">
      <subfield code="a">(NIC)notisAAA0025</subfield>
    </datafield>
    <datafield tag="035" ind1=" " ind2=" ">
      <subfield code="a">(OCoLC)542638</subfield>
    </datafield>
    <datafield tag="035" ind1=" " ind2=" ">
      <subfield code="a">27</subfield>
    </datafield>
    <datafield tag="040" ind1=" " ind2=" ">
      <subfield code="a">DLC</subfield>
      <subfield code="c">OAU</subfield>
      <subfield code="d">*SER*</subfield>
      <subfield code="d">CU-SB</subfield>
      <subfield code="d">CStRLIN</subfield>
      <subfield code="d">NIC</subfield>
    </datafield>
    <datafield tag="050" ind1="0" ind2=" ">
      <subfield code="a">QH81</subfield>
      <subfield code="b">.G678</subfield>
    </datafield>
    <datafield tag="082" ind1=" " ind2=" ">
      <subfield code="a">574</subfield>
    </datafield>
    <datafield tag="100" ind1="1" ind2=" ">
      <subfield code="a">Grange, Wallace B.</subfield>
      <subfield code="q">(Wallace Byron),</subfield>
      <subfield code="d">1905-1987.</subfield>
    </datafield>
    <datafield tag="245" ind1="1" ind2="0">
      <subfield code="a">Those of the forest;</subfield>
      <subfield code="c">illustrated by Olaus J. Murie.</subfield>
    </datafield>
    <datafield tag="260" ind1=" " ind2=" ">
      <subfield code="a">Babcock, Wis.,</subfield>
      <subfield code="b">Flambeau Pub. Co.</subfield>
      <subfield code="c">[1953]</subfield>
    </datafield>
    <datafield tag="300" ind1=" " ind2=" ">
      <subfield code="a">314 p.</subfield>
      <subfield code="b">illus.</subfield>
      <subfield code="c">23 cm.</subfield>
    </datafield>
    <datafield tag="650" ind1=" " ind2="0">
      <subfield code="a">Natural history</subfield>
      <subfield code="v">Outdoor books</subfield>
    </datafield>
    <datafield tag="650" ind1=" " ind2="7">
      <subfield code="a">Natural history</subfield>
      <subfield code="2">fast</subfield>
      <subfield code="0">(OCoLC)fst01034268</subfield>
    </datafield>
    <datafield tag="655" ind1=" " ind2="7">
      <subfield code="a">Guidebooks</subfield>
      <subfield code="2">fast</subfield>
      <subfield code="0">(OCoLC)fst01423871</subfield>
    </datafield>
    <datafield tag="905" ind1=" " ind2=" ">
      <subfield code="a">19991018120000.0</subfield>
    </datafield>
    <datafield tag="948" ind1="2" ind2=" ">
      <subfield code="a">20141016</subfield>
      <subfield code="b">m</subfield>
      <subfield code="d">batch</subfield>
      <subfield code="e">lts</subfield>
      <subfield code="x">addfast</subfield>
    </datafield>
    <datafield tag="950" ind1=" " ind2=" ">
      <subfield code="l">MANN</subfield>
      <subfield code="a">QH81</subfield>
      <subfield code="b">.G75</subfield>
      <subfield code="f">BASIC</subfield>
      <subfield code="i">12/10/85 N</subfield>
    </datafield>
  </record>