
  <record>
    <leader>00863cam a22002651  4500</leader>
    <controlfield tag="001">28</controlfield>
    <controlfield tag="005">20141021232257.0</controlfield>
    <controlfield tag="008">851126s1963    onc           000 0 eng  </controlfield>
    <datafield tag="010" ind1=" " ind2=" ">
      <subfield code="a">   64002340 </subfield>
    </datafield>
    <datafield tag="035" ind1=" " ind2=" ">
      <subfield code="a">(CStRLIN)NYCX85B133298</subfield>
    </datafield>
    <datafield tag="035" ind1=" " ind2=" ">
      <subfield code="a">(NIC)notisAAA0026</subfield>
    </datafield>
    <datafield tag="035" ind1=" " ind2=" ">
      <subfield code="a">(OCoLC)256379</subfield>
    </datafield>
    <datafield tag="035" ind1=" " ind2=" ">
      <subfield code="a">28</subfield>
    </datafield>
    <datafield tag="040" ind1=" " ind2=" ">
      <subfield code="c">NIC</subfield>
      <subfield code="d">NIC</subfield>
    </datafield>
    <datafield tag="041" ind1="1" ind2=" ">
      <subfield code="a">eng</subfield>
      <subfield code="h">und</subfield>
    </datafield>
    <datafield tag="050" ind1="0" ind2=" ">
      <subfield code="a">JX1729</subfield>
      <subfield code="b">.C313</subfield>
    </datafield>
    <datafield tag="100" ind1="1" ind2=" ">
      <subfield code="a">Cadieux, Marcel.</subfield>
    </datafield>
    <datafield tag="245" ind1="1" ind2="4">
      <subfield code="a">The Canadian diplomat;</subfield>
      <subfield code="b">an essay in definition.</subfield>
      <subfield code="c">Translated by Archibald Day.</subfield>
    </datafield>
    <datafield tag="260" ind1=" " ind2=" ">
      <subfield code="a">[Toronto]</subfield>
      <subfield code="b">University of Toronto Press</subfield>
      <subfield code="c">[c1963]</subfield>
    </datafield>
    <datafield tag="300" ind1=" " ind2=" ">
      <subfield code="a">x, 113 p.</subfield>
      <subfield code="c">23 cm.</subfield>
    </datafield>
    <datafield tag="650" ind1=" " ind2="0">
      <subfield code="a">Diplomatic and consular service, Canadian.</subfield>
    </datafield>
    <datafield tag="650" ind1=" " ind2="7">
      <subfield code="a">Diplomatic and consular service, Canadian</subfield>
      <subfield code="2">fast</subfield>
      <subfield code="0">(OCoLC)fst00894242</subfield>
    </datafield>
    <datafield tag="905" ind1=" " ind2=" ">
      <subfield code="a">19930426120000.0</subfield>
    </datafield>
    <datafield tag="948" ind1="2" ind2=" ">
      <subfield code="a">20141016</subfield>
      <subfield code="b">m</subfield>
      <subfield code="d">batch</subfield>
      <subfield code="e">lts</subfield>
      <subfield code="x">addfast</subfield>
    </datafield>
    <datafield tag="950" ind1=" " ind2=" ">
      <subfield code="l">OLIN</subfield>
      <subfield code="a">JX1729</subfield>
      <subfield code="b">.C12 1963</subfield>
      <subfield code="f">BASIC</subfield>
      <subfield code="i">11/26/85 N</subfield>
    </datafield>
  </record>