
  <record>
    <leader>01586cam a22003971  4500</leader>
    <controlfield tag="001">29</controlfield>
    <controlfield tag="005">20141021232257.0</controlfield>
    <controlfield tag="008">860224s1862    enkac         000 0 eng  </controlfield>
    <datafield tag="035" ind1=" " ind2=" ">
      <subfield code="a">(CStRLIN)NYCX86B22797</subfield>
    </datafield>
    <datafield tag="035" ind1=" " ind2=" ">
      <subfield code="a">(NIC)notisAAA0027</subfield>
    </datafield>
    <datafield tag="035" ind1=" " ind2=" ">
      <subfield code="a">(OCoLC)21289729</subfield>
    </datafield>
    <datafield tag="035" ind1=" " ind2=" ">
      <subfield code="a">29</subfield>
    </datafield>
    <datafield tag="040" ind1=" " ind2=" ">
      <subfield code="a">NIC</subfield>
      <subfield code="c">NIC</subfield>
    </datafield>
    <datafield tag="043" ind1=" " ind2=" ">
      <subfield code="a">e-uk---</subfield>
    </datafield>
    <datafield tag="100" ind1="1" ind2=" ">
      <subfield code="a">Dixon, Henry Hall,</subfield>
      <subfield code="d">1822-1870.</subfield>
    </datafield>
    <datafield tag="245" ind1="1" ind2="0">
      <subfield code="a">Silk and scarlet,</subfield>
      <subfield code="c">by The Druid [pseud.]  With engravings on steel.</subfield>
    </datafield>
    <datafield tag="260" ind1=" " ind2=" ">
      <subfield code="a">London,</subfield>
      <subfield code="b">Rogerson &amp; Tuxford,</subfield>
      <subfield code="c">1862.</subfield>
    </datafield>
    <datafield tag="300" ind1=" " ind2=" ">
      <subfield code="a">2 p. l., [iii]-vi p., 1 l., [2], 398 p.</subfield>
      <subfield code="b">front., 1 illus., port.</subfield>
      <subfield code="c">20 cm.</subfield>
    </datafield>
    <datafield tag="500" ind1=" " ind2=" ">
      <subfield code="a">Added t.-p., engraved, with portrait vignette.</subfield>
    </datafield>
    <datafield tag="505" ind1="0" ind2=" ">
      <subfield code="a">Dick Christian again.--Olden times.--Silk.--Jockeys.--Trials.--The foreign market.--The Godolphin Arabian.--The Byerly Turk.--The Darley Arabian.--Scarlet.</subfield>
    </datafield>
    <datafield tag="650" ind1=" " ind2="0">
      <subfield code="a">Fox-hunting</subfield>
    </datafield>
    <datafield tag="650" ind1=" " ind2="0">
      <subfield code="a">Foxhounds</subfield>
    </datafield>
    <datafield tag="650" ind1=" " ind2="0">
      <subfield code="a">Horse-racing</subfield>
      <subfield code="z">Great Britain.</subfield>
    </datafield>
    <datafield tag="650" ind1=" " ind2="4">
      <subfield code="a">1862</subfield>
    </datafield>
    <datafield tag="651" ind1=" " ind2="4">
      <subfield code="a">London (England)</subfield>
      <subfield code="v">Imprints (Rogerson &amp; Tuxford)</subfield>
    </datafield>
    <datafield tag="650" ind1=" " ind2="7">
      <subfield code="a">Fox hunting</subfield>
      <subfield code="2">fast</subfield>
      <subfield code="0">(OCoLC)fst00933467</subfield>
    </datafield>
    <datafield tag="650" ind1=" " ind2="7">
      <subfield code="a">Foxhounds</subfield>
      <subfield code="2">fast</subfield>
      <subfield code="0">(OCoLC)fst00933497</subfield>
    </datafield>
    <datafield tag="650" ind1=" " ind2="7">
      <subfield code="a">Horse racing</subfield>
      <subfield code="2">fast</subfield>
      <subfield code="0">(OCoLC)fst00960488</subfield>
    </datafield>
    <datafield tag="651" ind1=" " ind2="7">
      <subfield code="a">Great Britain</subfield>
      <subfield code="2">fast</subfield>
      <subfield code="0">(OCoLC)fst01204623</subfield>
    </datafield>
    <datafield tag="700" ind1="1" ind2=" ">
      <subfield code="a">Laidlaw, Robert.</subfield>
      <subfield code="4">sgn</subfield>
    </datafield>
    <datafield tag="710" ind1="2" ind2=" ">
      <subfield code="a">Cornell University.</subfield>
      <subfield code="b">College of Veterinary Medicine.</subfield>
      <subfield code="b">Flower-Sprecher Veterinary Library.</subfield>
      <subfield code="4">fmo</subfield>
    </datafield>
    <datafield tag="905" ind1=" " ind2=" ">
      <subfield code="a">19910501120000.0</subfield>
    </datafield>
    <datafield tag="948" ind1="2" ind2=" ">
      <subfield code="a">20051110</subfield>
      <subfield code="b">w</subfield>
      <subfield code="d">lbb4</subfield>
      <subfield code="e">rmc</subfield>
      <subfield code="f">?</subfield>
      <subfield code="h">?</subfield>
    </datafield>
    <datafield tag="948" ind1="1" ind2=" ">
      <subfield code="a">20051110</subfield>
      <subfield code="b">l</subfield>
      <subfield code="d">lbb4</subfield>
      <subfield code="e">rmc</subfield>
      <subfield code="f">?</subfield>
      <subfield code="h">?</subfield>
    </datafield>
    <datafield tag="948" ind1="2" ind2=" ">
      <subfield code="a">20141016</subfield>
      <subfield code="b">m</subfield>
      <subfield code="d">batch</subfield>
      <subfield code="e">lts</subfield>
      <subfield code="x">addfast</subfield>
    </datafield>
    <datafield tag="950" ind1=" " ind2=" ">
      <subfield code="l">VET</subfield>
      <subfield code="a">SF301</subfield>
      <subfield code="b">.D62s</subfield>
      <subfield code="e">\Sec.3\</subfield>
      <subfield code="f">BASIC</subfield>
      <subfield code="i">02/24/86 N</subfield>
    </datafield>
  </record>